<?xml version="1.0" encoding="UTF-8"?><collection xmlns="http://www.loc.gov/MARC21/slim"><record><leader>00576nam--2200181-u-4500</leader><controlfield tag="001">000053108</controlfield><controlfield tag="002">20161230</controlfield><controlfield tag="005">20161230201050</controlfield><controlfield tag="008">110105s1000------------r-----000-0-rum-d</controlfield><datafield ind1=" " ind2=" " tag="040"><subfield code="a">IFIN-HH</subfield></datafield><datafield ind1=" " ind2=" " tag="041"><subfield code="a">rum</subfield></datafield><datafield ind1=" " ind2=" " tag="080"><subfield code="a">539.1:628(043.2)</subfield></datafield><datafield ind1="1" ind2=" " tag="100"><subfield code="a">Turchean, Petisleam N</subfield></datafield><datafield ind1="1" ind2="0" tag="245"><subfield code="a">Investigarea urmelor e elemente chimice poluante si determinarea factorilor poluanti ai mediului marin, prin metode fizice, atomice si nucleare</subfield><subfield code="b">Teza</subfield><subfield code="c">Petisleam n. turchean</subfield></datafield><datafield ind1=" " ind2=" " tag="260"><subfield code="a">Bucuresti</subfield><subfield code="b">Ifa</subfield><subfield code="c">2006</subfield></datafield><datafield ind1=" " ind2=" " tag="300"><subfield code="a">136P</subfield></datafield><datafield ind1=" " ind2=" " tag="852"><subfield code="a">81807</subfield><subfield code="c">539</subfield></datafield><datafield ind1=" " ind2=" " tag="CAT"><subfield code="a">Sys</subfield><subfield code="c">20110105</subfield><subfield code="h">151248</subfield></datafield></record></collection>